@article{Abumrad2017,
  title    = "The liver as a hub in thermogenesis",
  author   = "Abumrad, Nada A",
  journal  = "Cell Metab.",
  volume   =  26,
  number   =  3,
  pages    = "454--455",
  month    =  sep,
  year     =  2017,
  language = "en"
}

@article{Agwamba2023,
  title={The demographic history of house mice (Mus musculus domesticus) in eastern North America},
  author={Agwamba, Kennedy D and Nachman, Michael W},
  journal={G3},
  volume={13},
  number={2},
  year={2023}
}

@article{Anders2015,
  title    = "{HTSeq--a} Python framework to work with high-throughput
              sequencing data",
  author   = "Anders, Simon and Pyl, Paul Theodor and Huber, Wolfgang",
  journal  = "Bioinformatics",
  volume   =  31,
  number   =  2,
  pages    = "166--169",
  month    =  jan,
  year     =  2015,
  language = "en"
}

@article{Ballinger2022,
  title    = "The contribution of genetic and environmental effects to
              {Bergmann's} rule and {Allen's} rule in house mice",
  author   = "Ballinger, Mallory A and Nachman, Michael W",
  journal  = "Am. Nat.",
  volume   =  199,
  number   =  5,
  pages    = "691--704",
  month    =  may,
  year     =  2022,
  language = "en"
}

@article{Beckman2022,
  title={The genomic basis of high-elevation adaptation in wild house mice (Mus musculus domesticus) from South America},
  author={Beckman, Elizabeth J and Martins, Felipe and Suzuki, Taichi A and Bi, Ke and Keeble, Sara and Good, Jeffrey M and Chavez, Andreas S and Ballinger, Mallory A and Agwamba, Kennedy and Nachman, Michael W},
  journal={Genetics},
  volume={220},
  number={2},
  pages={iyab226},
  year={2022},
  publisher={Oxford University Press}
}

@article{Benjamini1995,
  title     = "Controlling the false discovery rate: a practical and powerful
               approach to multiple testing",
  author    = "Benjamini, Yoav and Hochberg, Yosef",
  journal   = "J. R. Stat. Soc. Series B Stat. Methodol.",
  publisher = "[Royal Statistical Society, Wiley]",
  volume    =  57,
  number    =  1,
  pages     = "289--300",
  year      =  1995
}

@article{Berube2013,
  title    = "The non-synonymous polymorphism at position 114 of the {WRN}
              protein affects cholesterol efflux in vitro and correlates with
              cholesterol levels in vivo",
  author   = "B{\'e}rub{\'e}, Julien and Garand, Chantal and Lettre, Guillaume
              and Lebel, Michel",
  journal  = "Exp. Gerontol.",
  volume   =  48,
  number   =  6,
  pages    = "533--538",
  month    =  jun,
  year     =  2013,
  language = "en"
}

@article{Bittner2021,
  title    = "Gene expression plasticity and desert adaptation in house mice",
  author   = "Bittner, No{\"e}lle K J and Mack, Katya L and Nachman, Michael W",
  journal  = "Evolution",
  volume   =  75,
  number   =  6,
  pages    = "1477--1491",
  month    =  jun,
  year     =  2021,
  language = "en"
}

@article{Buchberger2019,
  title    = "Cloudy with a chance of insights: Context dependent gene
              regulation and implications for evolutionary studies",
  author   = "Buchberger, Elisa and Reis, Micael and Lu, Ting-Hsuan and
              Posnien, Nico",
  journal  = "Genes",
  volume   =  10,
  number   =  7,
  pages    =  492,
  month    =  jun,
  year     =  2019,
  language = "en"
}

@article{Campbell2021,
  title={Selection on adaptive and maladaptive gene expression plasticity during thermal adaptation to urban heat islands},
  author={Campbell-Staton, Shane C and Velotta, Jonathan P and Winchell, Kristin M},
  journal={Nat Commun},
  volume={12},
  number={1},
  pages={6195},
  year={2021},
  publisher={Nature Publishing Group UK London}
}

@article{Cannon2004,
  title    = "Brown adipose tissue: function and physiological significance",
  author   = "Cannon, Barbara and Nedergaard, Jan",
  journal  = "Physiol. Rev.",
  volume   =  84,
  number   =  1,
  pages    = "277--359",
  month    =  jan,
  year     =  2004,
  language = "en"
}

@article{Carroll2008,
  title    = "Evo-devo and an expanding evolutionary synthesis: a genetic
              theory of morphological evolution",
  author   = "Carroll, Sean B",
  journal  = "Cell",
  volume   =  134,
  number   =  1,
  pages    = "25--36",
  month    =  jul,
  year     =  2008,
  language = "en"
}

@article{Chen2015,
  title    = "Temperature stress mediates decanalization and dominance of gene
              expression in Drosophila melanogaster",
  author   = "Chen, Jun and Nolte, Viola and Schl{\"o}tterer, Christian",
  journal  = "PLoS Genet.",
  volume   =  11,
  number   =  2,
  pages    = "e1004883",
  month    =  feb,
  year     =  2015,
  language = "en"
}

@article{Chen2018,
  title    = "fastp: an ultra-fast all-in-one {FASTQ} preprocessor",
  author   = "Chen, Shifu and Zhou, Yanqing and Chen, Yaru and Gu, Jia",
  journal  = "Bioinformatics",
  volume   =  34,
  number   =  17,
  pages    = "i884--i890",
  month    =  sep,
  year     =  2018,
  language = "en"
}

@article{Coolon2014,
  title    = "Tempo and mode of regulatory evolution in Drosophila",
  author   = "Coolon, Joseph D and McManus, C Joel and Stevenson, Kraig R and
              Graveley, Brenton R and Wittkopp, Patricia J",
  volume   =  24,
  number   =  5,
  pages    = "797--808",
  month    =  may,
  year     =  2014,
  language = "en"
}

@article{Coolon2018,
  title    = "Corrigendum: Tempo and mode of regulatory evolution in Drosophila",
  author   = "Coolon, Joseph D and McManus, C Joel and Stevenson, Kraig R and
              Graveley, Brenton R and Wittkopp, Patricia J",
  journal  = "Genome Res.",
  volume   =  28,
  number   =  11,
  pages    = "1766",
  month    =  nov,
  year     =  2018,
  language = "en"
}

@article{Cooper2003,
  title    = "Parallel changes in gene expression after 20,000 generations of
              evolution in \textit{Escherichia coli}",
  author   = "Cooper, Tim F and Rozen, Daniel E and Lenski, Richard E",
  journal  = "Proc. Natl. Acad. Sci.",
  volume   =  100,
  number   =  3,
  pages    = "1072--1077",
  month    =  feb,
  year     =  2003,
  language = "en"
}

@article{Corl2018,
  title    = "The genetic basis of adaptation following plastic changes in
              coloration in a novel environment",
  author   = "Corl, Ammon and Bi, Ke and Luke, Claudia and Challa, Akshara Sree
              and Stern, Aaron James and Sinervo, Barry and Nielsen, Rasmus",
  journal  = "Curr. Biol.",
  volume   =  28,
  number   =  18,
  pages    = "2970--2977.e7",
  month    =  sep,
  year     =  2018,
  language = "en"
}

@article{Cowles2002,
  title    = "Detection of regulatory variation in mouse genes",
  author   = "Cowles, Christopher R and Hirschhorn, Joel N and Altshuler, David
              and Lander, Eric S",
  journal  = "Nat. Genet.",
  volume   =  32,
  number   =  3,
  pages    = "432--437",
  month    =  nov,
  year     =  2002,
  language = "en"
}

@article{Crawford2017,
  title    = "Natural selection on genes related to cardiovascular health in
              {high-altitude} adapted andeans",
  author   = "Crawford, Jacob E and Amaru, Ricardo and Song, Jihyun and Julian,
              Colleen G and Racimo, Fernando and Cheng, Jade Yu and Guo,
              Xiuqing and Yao, Jie and Ambale-Venkatesh, Bharath and Lima,
              Jo{\~a}o A and Rotter, Jerome I and Stehlik, Josef and Moore,
              Lorna G and Prchal, Josef T and Nielsen, Rasmus",
  journal  = "Am. J. Hum. Genet.",
  volume   =  101,
  number   =  5,
  pages    = "752--767",
  month    =  nov,
  year     =  2017,
  language = "en"
}

@article{Crowley2015,
  title    = "Analyses of allele-specific gene expression in highly divergent
              mouse crosses identifies pervasive allelic imbalance",
  author   = "Crowley, James J and Zhabotynsky, Vasyl and Sun, Wei and Huang,
              Shunping and Pakatci, Isa Kemal and Kim, Yunjung and Wang, Jeremy
              R and Morgan, Andrew P and Calaway, John D and Aylor, David L and
              Yun, Zaining and Bell, Timothy A and Buus, Ryan J and Calaway,
              Mark E and Didion, John P and Gooch, Terry J and Hansen,
              Stephanie D and Robinson, Nashiya N and Shaw, Ginger D and
              Spence, Jason S and Quackenbush, Corey R and Barrick, Cordelia J
              and Nonneman, Randal J and Kim, Kyungsu and Xenakis, James and
              Xie, Yuying and Valdar, William and Lenarcic, Alan B and Wang,
              Wei and Welsh, Catherine E and Fu, Chen-Ping and Zhang, Zhaojun
              and Holt, James and Guo, Zhishan and Threadgill, David W and
              Tarantino, Lisa M and Miller, Darla R and Zou, Fei and McMillan,
              Leonard and Sullivan, Patrick F and Pardo-Manuel de Villena,
              Fernando",
  journal  = "Nat. Genet.",
  volume   =  47,
  number   =  4,
  pages    = "353--360",
  month    =  apr,
  year     =  2015,
  language = "en"
}

@article{Cubillos2014,
  title    = "Extensive cis-regulatory variation robust to environmental
              perturbation in Arabidopsis",
  author   = "Cubillos, Francisco A and Stegle, Oliver and Grondin, C{\'e}cile
              and Canut, Matthieu and Tisn{\'e}, S{\'e}bastien and Gy, Isabelle
              and Loudet, Olivier",
  journal  = "Plant Cell",
  volume   =  26,
  number   =  11,
  pages    = "4298--4310",
  month    =  nov,
  year     =  2014,
  language = "en"
}

@article{Danecek2011,
  title    = "The variant call format and {VCFtools}",
  author   = "Danecek, Petr and Auton, Adam and Abecasis, Goncalo and Albers,
              Cornelis A and Banks, Eric and DePristo, Mark A and Handsaker,
              Robert E and Lunter, Gerton and Marth, Gabor T and Sherry,
              Stephen T and McVean, Gilean and Durbin, Richard and {1000
              Genomes Project Analysis Group}",
  journal  = "Bioinformatics",
  volume   =  27,
  number   =  15,
  pages    = "2156--2158",
  month    =  aug,
  year     =  2011,
  language = "en"
}

@article{Denver2005,
  title    = "The transcriptional consequences of mutation and natural
              selection in Caenorhabditis elegans",
  author   = "Denver, Dee R and Morris, Krystalynne and Streelman, J Todd and
              Kim, Stuart K and Lynch, Michael and Thomas, W Kelley",
  journal  = "Nat. Genet.",
  volume   =  37,
  number   =  5,
  pages    = "544--548",
  month    =  may,
  year     =  2005,
  language = "en"
}

@article{Ding2022,
  title={Trans-regulatory changes underpin the evolution of the Drosophila immune response},
  author={Ding, Shuai Dominique and Leit{\~a}o, Alexandre B and Day, Jonathan P and Arunkumar, Ramesh and Phillips, Morgan and Zhou, Shuyu Olivia and Jiggins, Francis M},
  journal={PLoS Genetics},
  volume={18},
  number={11},
  pages={e1010453},
  year={2022},
  publisher={Public Library of Science San Francisco, CA USA}
}

@article{Dobin2013,
  title    = "{STAR}: ultrafast universal {RNA-seq} aligner",
  author   = "Dobin, Alexander and Davis, Carrie A and Schlesinger, Felix and
              Drenkow, Jorg and Zaleski, Chris and Jha, Sonali and Batut,
              Philippe and Chaisson, Mark and Gingeras, Thomas R",
  journal  = "Bioinformatics",
  volume   =  29,
  number   =  1,
  pages    = "15--21",
  month    =  jan,
  year     =  2013,
  language = "en"
}

@article{Ehrenreich2016,
  title    = "Genetic assimilation: a review of its potential proximate causes
              and evolutionary consequences",
  author   = "Ehrenreich, Ian M and Pfennig, David W",
  journal  = "Ann. Bot.",
  volume   =  117,
  number   =  5,
  pages    = "769--779",
  month    =  apr,
  year     =  2016,
  language = "en"
}

@article{Emerson2010,
  title    = "Natural selection on cis and trans regulation in yeasts",
  author   = "Emerson, J J and Hsieh, Li-Ching and Sung, Huang-Mo and Wang,
              Tzi-Yuan and Huang, Chih-Jen and Lu, Henry Horng-Shing and Lu,
              Mei-Yeh Jade and Wu, Shu-Hsing and Li, Wen-Hsiung",
  journal  = "Genome Res.",
  volume   =  20,
  number   =  6,
  pages    = "826--836",
  month    =  jun,
  year     =  2010,
  language = "en"
}

@article{Fairfax2014,
  title    = "Innate immune activity conditions the effect of regulatory
              variants upon monocyte gene expression",
  author   = "Fairfax, Benjamin P and Humburg, Peter and Makino, Seiko and
              Naranbhai, Vivek and Wong, Daniel and Lau, Evelyn and Jostins,
              Luke and Plant, Katharine and Andrews, Robert and McGee, Chris
              and Knight, Julian C",
  journal  = "Science",
  volume   =  343,
  number   =  6175,
  pages    = "1246949",
  month    =  mar,
  year     =  2014,
  language = "en"
}

@article{Fear2016,
  title    = "Buffering of genetic regulatory networks in Drosophila
              melanogaster",
  author   = "Fear, Justin M and Le{\'o}n-Novelo, Luis G and Morse, Alison M
              and Gerken, Alison R and Van Lehmann, Kjong and Tower, John and
              Nuzhdin, Sergey V and McIntyre, Lauren M",
  journal  = "Genetics",
  volume   =  203,
  number   =  3,
  pages    = "1177--1190",
  month    =  jul,
  year     =  2016,
  language = "en"
}

@article{Ferris2021,
  title    = "The genomics of rapid climatic adaptation and parallel evolution
              in {North American} house mice",
  author   = "Ferris, Kathleen G and Chavez, Andreas S and Suzuki, Taichi A and
              Beckman, Elizabeth J and Phifer-Rixey, Megan and Bi, Ke and
              Nachman, Michael W",
  journal  = "PLoS Genet.",
  volume   =  17,
  number   =  4,
  pages    = "e1009495",
  month    =  apr,
  year     =  2021,
  language = "en"
}

@article{Fischer2016,
  title    = "Can a network approach resolve how adaptive vs nonadaptive
              plasticity impacts evolutionary trajectories?",
  author   = "Fischer, Eva K and Ghalambor, Cameron K and Hoke, Kim L",
  journal  = "Integr. Comp. Biol.",
  volume   =  56,
  number   =  5,
  pages    = "877--888",
  month    =  nov,
  year     =  2016,
  language = "en"
}

@article{Fraser2010,
  title    = "Evidence for widespread adaptive evolution of gene expression in
              budding yeast",
  author   = "Fraser, Hunter B and Moses, Alan M and Schadt, Eric E",
  journal  = "Proc. Natl. Acad. Sci. U. S. A.",
  volume   =  107,
  number   =  7,
  pages    = "2977--2982",
  month    =  feb,
  year     =  2010,
  language = "en"
}

@article{Fraser2011,
  title    = "Systematic detection of polygenic cis-regulatory evolution",
  author   = "Fraser, Hunter B and Babak, Tomas and Tsang, John and Zhou, Yiqi
              and Zhang, Bin and Mehrabian, Margarete and Schadt, Eric E",
  journal  = "PLoS Genet.",
  volume   =  7,
  number   =  3,
  pages    = "e1002023",
  month    =  mar,
  year     =  2011,
  language = "en"
}

@article{Fraser2013,
  title    = "Gene expression drives local adaptation in humans",
  author   = "Fraser, Hunter B",
  journal  = "Genome Res.",
  volume   =  23,
  number   =  7,
  pages    = "1089--1096",
  month    =  jul,
  year     =  2013,
  language = "en"
}

@article{Fresard2019,
  title={Identification of rare-disease genes using blood transcriptome sequencing and large control cohorts},
  author={Fr{\'e}sard, Laure and Smail, Craig and Ferraro, Nicole M and Teran, Nicole A and Li, Xin and Smith, Kevin S and Bonner, Devon and Kernohan, Kristin D and Marwaha, Shruti and Zappala, Zachary and others},
  journal={Nature medicine},
  volume={25},
  number={6},
  pages={911--919},
  year={2019},
  publisher={Nature Publishing Group US New York}
}

@article{Fu2012,
  title    = "Unraveling the regulatory mechanisms underlying tissue-dependent
              genetic variation of gene expression",
  author   = "Fu, Jingyuan and Wolfs, Marcel G M and Deelen, Patrick and
              Westra, Harm-Jan and Fehrmann, Rudolf S N and Te Meerman, Gerard
              J and Buurman, Wim A and Rensen, Sander S M and Groen, Harry J M
              and Weersma, Rinse K and van den Berg, Leonard H and Veldink, Jan
              and Ophoff, Roel A and Snieder, Harold and van Heel, David and
              Jansen, Ritsert C and Hofker, Marten H and Wijmenga, Cisca and
              Franke, Lude",
  journal  = "PLoS Genet.",
  volume   =  8,
  number   =  1,
  pages    = "e1002431",
  month    =  jan,
  year     =  2012,
  language = "en"
}

@article{Fumagalli2015,
  title    = "Greenlandic Inuit show genetic signatures of diet and climate
              adaptation",
  author   = "Fumagalli, Matteo and Moltke, Ida and Grarup, Niels and Racimo,
              Fernando and Bjerregaard, Peter and J{\o}rgensen, Marit E and
              Korneliussen, Thorfinn S and Gerbault, Pascale and Skotte, Line
              and Linneberg, Allan and Christensen, Cramer and Brandslund, Ivan
              and J{\o}rgensen, Torben and Huerta-S{\'a}nchez, Emilia and
              Schmidt, Erik B and Pedersen, Oluf and Hansen, Torben and
              Albrechtsen, Anders and Nielsen, Rasmus",
  journal  = "Science",
  volume   =  349,
  number   =  6254,
  pages    = "1343--1347",
  month    =  sep,
  year     =  2015,
  language = "en"
}

@article{Genissel2008,
  title    = "Cis and trans regulatory effects contribute to natural variation
              in transcriptome of Drosophila melanogaster",
  author   = "Genissel, Anne and McIntyre, Lauren M and Wayne, Marta L and
              Nuzhdin, Sergey V",
  journal  = "Mol. Biol. Evol.",
  volume   =  25,
  number   =  1,
  pages    = "101--110",
  month    =  jan,
  year     =  2008,
  language = "en"
}

@article{Ghalambor2007,
  title    = "Adaptive versus non-adaptive phenotypic plasticity and the
              potential for contemporary adaptation in new environments",
  author   = "Ghalambor, C K and McKay, J K and Carroll, S P and Reznick, D N",
  journal  = "Funct. Ecol.",
  volume   =  21,
  number   =  3,
  pages    = "394--407",
  month    =  jun,
  year     =  2007
}

@article{Ghalambor2015,
  title    = "Non-adaptive plasticity potentiates rapid adaptive evolution of
              gene expression in nature",
  author   = "Ghalambor, Cameron K and Hoke, Kim L and Ruell, Emily W and
              Fischer, Eva K and Reznick, David N and Hughes, Kimberly A",
  journal  = "Nature",
  volume   =  525,
  number   =  7569,
  pages    = "372--375",
  month    =  sep,
  year     =  2015,
  language = "en"
}

@article{Gibson2008,
  title={The environmental contribution to gene expression profiles},
  author={Gibson, Greg},
  journal={Nat Rev Genet},
  volume={9},
  number={8},
  pages={575--581},
  year={2008},
  publisher={Nature Publishing Group UK London}
}

@article{Goncalves2012,
  title    = "Extensive compensatory cis-trans regulation in the evolution of
              mouse gene expression",
  author   = "Goncalves, Angela and Leigh-Brown, Sarah and Thybert, David and
              Stefflova, Klara and Turro, Ernest and Flicek, Paul and Brazma,
              Alvis and Odom, Duncan T and Marioni, John C",
  journal  = "Genome Res.",
  volume   =  22,
  number   =  12,
  pages    = "2376--2384",
  month    =  dec,
  year     =  2012,
  language = "en"
}

@article{Gould2018,
  title    = "Gene regulatory divergence between locally adapted ecotypes in
              their native habitats",
  author   = "Gould, Billie A and Chen, Yani and Lowry, David B",
  journal  = "Mol. Ecol.",
  volume   =  27,
  number   =  21,
  pages    = "4174--4188",
  month    =  nov,
  year     =  2018,
  language = "en"
}

@article{Grishkevich2013,
  title={The genomic determinants of genotype$\times$ environment interactions in gene expression},
  author={Grishkevich, Vladislav and Yanai, Itai},
  journal={Trends in Genetics},
  volume={29},
  number={8},
  pages={479--487},
  year={2013},
  publisher={Elsevier}
}

@article{GTEx_Consortium2017,
  title    = "Genetic effects on gene expression across human tissues",
  author   = "{GTEx Consortium} and {Laboratory, Data Analysis \&Coordinating
              Center (LDACC)---Analysis Working Group} and {Statistical Methods
              groups---Analysis Working Group} and {Enhancing GTEx (eGTEx)
              groups} and {NIH Common Fund} and {NIH/NCI} and {NIH/NHGRI} and
              {NIH/NIMH} and {NIH/NIDA} and {Biospecimen Collection Source
              Site---NDRI} and {Biospecimen Collection Source Site---RPCI} and
              {Biospecimen Core Resource---VARI} and {Brain Bank
              Repository---University of Miami Brain Endowment Bank} and
              {Leidos Biomedical---Project Management} and {ELSI Study} and
              {Genome Browser Data Integration \&Visualization---EBI} and
              {Genome Browser Data Integration \&Visualization---UCSC Genomics
              Institute, University of California Santa Cruz} and {Lead
              analysts:} and {Laboratory, Data Analysis \&Coordinating Center
              (LDACC):} and {NIH program management:} and {Biospecimen
              collection:} and {Pathology:} and {eQTL manuscript working
              group:} and Battle, Alexis and Brown, Christopher D and
              Engelhardt, Barbara E and Montgomery, Stephen B",
  journal  = "Nature",
  volume   =  550,
  number   =  7675,
  pages    = "204--213",
  month    =  oct,
  year     =  2017,
  language = "en"
}

@article{Hadadi2022,
  title    = "Comparative multi-tissue profiling reveals extensive
              tissue-specificity in transcriptome reprogramming during thermal
              adaptation",
  author   = "Hadadi, Noushin and Spiljar, Martina and Steinbach, Karin and {\c
              C}olako{\u g}lu, Melis and Chevalier, Claire and Salinas,
              Gabriela and Merkler, Doron and Trajkovski, Mirko",
  journal  = "eLife",
  volume   =  11,
  month    =  may,
  year     =  2022,
  language = "en"
}

@article{Hallmark2019,
  title    = "Genomic evidence of local adaptation to climate and diet in
              Indigenous Siberians",
  author   = "Hallmark, Brian and Karafet, Tatiana M and Hsieh, Pinghsun and
              Osipova, Ludmila P and Watkins, Joseph C and Hammer, Michael F",
  journal  = "Mol. Biol. Evol.",
  volume   =  36,
  number   =  2,
  pages    = "315--327",
  month    =  feb,
  year     =  2019,
  language = "en"
}

@article{Harr2016,
  title    = "Genomic resources for wild populations of the house mouse, \textit{Mus
              musculus} and its close relative \textit{Mus spretus}",
  author   = "Harr, Bettina and Karakoc, Emre and Neme, Rafik and Teschke,
              Meike and Pfeifle, Christine and Pezer, {\v Z}eljka and Babiker,
              Hiba and Linnenbrink, Miriam and Montero, Inka and Scavetta, Rick
              and Abai, Mohammad Reza and Molins, Marta Puente and Schlegel,
              Mathias and Ulrich, Rainer G and Altm{\"u}ller, Janine and
              Franitza, Marek and B{\"u}ntge, Anna and K{\"u}nzel, Sven and
              Tautz, Diethard",
  journal  = "Sci Data",
  volume   =  3,
  number   =  1,
  pages    = "1-14",
  month    =  sep,
  year     =  2016,
  language = "en"
}

@article{Hart2018,
  title    = "Convergent evolution of gene expression in two high-toothed
              stickleback populations",
  author   = "Hart, James C and Ellis, Nicholas A and Eisen, Michael B and
              Miller, Craig T",
  journal  = "PLoS Genet.",
  volume   =  14,
  number   =  6,
  pages    = "e1007443",
  month    =  jun,
  year     =  2018,
  language = "en"
}

@article{He2021,
  title    = "\textit{Cis}-regulatory evolution spotlights species differences in the
              adaptive potential of gene expression plasticity",
  author   = "He, F and Steige, K A and Kovacova, V and G{\"o}bel, U and
              Bouzid, M and Keightley, P D and Beyer, A and de Meaux, J",
  journal  = "Nat. Commun.",
  volume   =  12,
  number   =  1,
  pages    = "3376",
  month    =  jun,
  year     =  2021,
  language = "en"
}

@article{Hill2021,
  title   = "Molecular and evolutionary processes generating variation in gene expression",
  author  = "Hill, Mark S and Vande Zande, Petra and Wittkopp, Patricia J",
  journal = "Nat. Rev. Genet.",
  volume  = 22,
  number  = 4,
  pages   = 203--215,
  year    = 2021
}

@article{Ho2018,
  title   = "Evolutionary adaptations to new environments generally reverse plastic phenotypic changes",
  author  = "Ho, Wei-Chin and Zhang, Jianzhi",
  journal = "Nat. Commun.",
  volume  = 9,
  number  = 1,
  pages   = 350,
  year    = 2018
}

@article{Hodgins2009,
  title   = "Evolving gene expression: from G to E to G$\times$ E",
  author  = "Hodgins-Davis, Andrea and Townsend, Jeffrey P",
  journal = "Trends Ecol. Evol.",
  volume  = 24,
  number  = 12,
  pages   = 649--658,
  year    = 2009
}

@article{Hu2022,
  title    = "\textit{cis}-{Regulatory} changes in locomotor genes are associated with the
              evolution of burrowing behavior",
  author   = "Hu, Caroline K and York, Ryan A and Metz, Hillery C and Bedford,
              Nicole L and Fraser, Hunter B and Hoekstra, Hopi E",
  journal  = "Cell Rep.",
  volume   =  38,
  number   =  7,
  pages    = "110360",
  month    =  feb,
  year     =  2022,
  language = "en"
}

@article{Huang2016,
  title   = "Experimental evolution of gene expression and plasticity in alternative selective regimes",
  author  = "Huang, Yuheng and Agrawal, Aneil F",
  journal = "PLoS Genet.",
  volume  = 12,
  number  = 9,
  pages   = e1006336,
  year    = 2016
}

@article{Huang2022,
  title    = "Gene regulatory evolution in {cold-adapted} fly populations
              neutralizes plasticity and may undermine genetic canalization",
  author   = "Huang, Yuheng and Lack, Justin B and Hoppel, Grant T and Pool,
              John E",
  journal  = "Genome Biol. Evol.",
  volume   =  14,
  number   =  4,
  month    =  apr,
  year     =  2022,
  language = "en"
}

@article{Jacobs2022,
  title    = "Temperature-dependent gene regulatory divergence underlies local
              adaptation with gene flow in the {Atlantic} silverside",
  author   = "Jacobs, Arne and Velotta, Jonathan P and Tigano, Anna and Wilder,
              Aryn P and Baumann, Hannes and Therkildsen, Nina O",
  journal  = "bioRxiv",
  pages    = "2022.04.27.489786",
  month    =  apr,
  year     =  2022,
  language = "en"
}

@article{Jones2012,
  title    = "The genomic basis of adaptive evolution in threespine
              sticklebacks",
  author   = "Jones, Felicity C and Grabherr, Manfred G and Chan, Yingguang
              Frank and Russell, Pamela and Mauceli, Evan and Johnson, Jeremy
              and Swofford, Ross and Pirun, Mono and Zody, Michael C and White,
              Simon and Birney, Ewan and Searle, Stephen and Schmutz, Jeremy
              and Grimwood, Jane and Dickson, Mark C and Myers, Richard M and
              Miller, Craig T and Summers, Brian R and Knecht, Anne K and
              Brady, Shannon D and Zhang, Haili and Pollen, Alex A and Howes,
              Timothy and Amemiya, Chris and {Broad Institute Genome Sequencing
              Platform \& Whole Genome Assembly Team} and Baldwin, Jen and
              Bloom, Toby and Jaffe, David B and Nicol, Robert and Wilkinson,
              Jane and Lander, Eric S and Di Palma, Federica and Lindblad-Toh,
              Kerstin and Kingsley, David M",
  journal  = "Nature",
  volume   =  484,
  number   =  7392,
  pages    = "55--61",
  month    =  apr,
  year     =  2012,
  language = "en"
}

@article{Josephs2021,
  title   = "Adaptive and maladaptive expression plasticity underlying herbicide resistance in an agricultural weed",
  author  = "Josephs, Emily B and Van Etten, Megan L and Harkess, Alex and Platts, Adrian and Baucom, Regina S",
  journal = "Evol. Lett.",
  volume  = 5,
  number  = 4,
  pages   = 432--440,
  year    = 2021
}

@article{King1975,
  title    = "Evolution at two levels in humans and chimpanzees",
  author   = "King, M C and Wilson, A C",
  journal  = "Science",
  volume   =  188,
  number   =  4184,
  pages    = "107--116",
  month    =  apr,
  year     =  1975,
  language = "en"
}

@article{Kita2016,
  title    = "Local adaptation of {sun-exposure-dependent} gene expression
              regulation in human skin",
  author   = "Kita, Ryosuke and Fraser, Hunter B",
  journal  = "PLoS Genet.",
  volume   =  12,
  number   =  10,
  pages    = "e1006382",
  month    =  oct,
  year     =  2016,
  language = "en"
}

@article{Landry2007,
  title    = "Genetic properties influencing the evolvability of gene
              expression",
  author   = "Landry, Christian R and Lemos, Bernardo and Rifkin, Scott A and
              Dickinson, W J and Hartl, Daniel L",
  journal  = "Science",
  volume   =  317,
  number   =  5834,
  pages    = "118--121",
  month    =  jul,
  year     =  2007,
  language = "en"
}

@article{Langmead2012,
  title    = "Fast gapped-read alignment with Bowtie 2",
  author   = "Langmead, Ben and Salzberg, Steven L",
  journal  = "Nat. Methods",
  volume   =  9,
  number   =  4,
  pages    = "357--359",
  month    =  mar,
  year     =  2012,
  language = "en"
}

@article{Lee2004,
  title    = "Lack of {stearoyl-CoA} desaturase 1 upregulates basal
              thermogenesis but causes hypothermia in a cold environment",
  author   = "Lee, Seong-Ho and Dobrzyn, Agnieszka and Dobrzyn, Pawel and
              Rahman, Shaikh Mizanoor and Miyazaki, Makoto and Ntambi, James M",
  journal  = "J. Lipid Res.",
  volume   =  45,
  number   =  9,
  pages    = "1674--1682",
  month    =  sep,
  year     =  2004,
  language = "en"
}

@article{Lemmon2014,
  title    = "The role of cis regulatory evolution in maize domestication",
  author   = "Lemmon, Zachary H and Bukowski, Robert and Sun, Qi and Doebley,
              John F",
  journal  = "PLoS Genet.",
  volume   =  10,
  number   =  11,
  pages    = "e1004745",
  month    =  nov,
  year     =  2014,
  language = "en"
}

@article{Lemos2008,
  title    = "Dominance and the evolutionary accumulation of \textit{cis}- and
              \textit{trans}-effects on gene expression",
  author   = "Lemos, Bernardo and Araripe, Luciana O and Fontanillas, Pierre
              and Hartl, Daniel L",
  journal  = "Proc. Natl. Acad. Sci. U. S. A.",
  volume   =  105,
  number   =  38,
  pages    = "14471--14476",
  month    =  sep,
  year     =  2008,
  language = "en"
}

@article{Leon-Novelo2018,
  title    = "Direct testing for {allele-specific} expression differences
              between conditions",
  author   = "Le{\'o}n-Novelo, Luis and Gerken, Alison R and Graze, Rita M and
              McIntyre, Lauren M and Marroni, Fabio",
  journal  = "G3",
  volume   =  8,
  number   =  2,
  pages    = "447--460",
  month    =  feb,
  year     =  2018,
  language = "en"
}

@article{Levine2011,
  title    = "Whole-genome expression plasticity across tropical and temperate
              Drosophila melanogaster populations from Eastern Australia",
  author   = "Levine, Mia T and Eckert, Melissa L and Begun, David J",
  journal  = "Mol. Biol. Evol.",
  volume   =  28,
  number   =  1,
  pages    = "249--256",
  month    =  jan,
  year     =  2011,
  language = "en"
}

@article{Li2006,
  title    = "Mapping determinants of gene expression plasticity by genetical
              genomics in C. elegans",
  author   = "Li, Yang and Alvarez, Olga Alda and Gutteling, Evert W and
              Tijsterman, Marcel and Fu, Jingyuan and Riksen, Joost A G and
              Hazendonk, Esther and Prins, Pjotr and Plasterk, Ronald H A and
              Jansen, Ritsert C and Breitling, Rainer and Kammenga, Jan E",
  journal  = "PLoS Genet.",
  volume   =  2,
  number   =  12,
  pages    = "e222",
  month    =  dec,
  year     =  2006,
  language = "en"
}

@article{Li2017,
  title    = "{Cis-regulatory} divergence in gene expression between two
              thermally divergent yeast species",
  author   = "Li, Xueying C and Fay, Justin C",
  journal  = "Genome Biol. Evol.",
  volume   =  9,
  number   =  5,
  pages    = "1120--1129",
  month    =  may,
  year     =  2017,
  language = "en"
}

@article{Lopes-Ramos2020,
  title    = "Sex differences in gene expression and regulatory networks across
              29 human tissues",
  author   = "Lopes-Ramos, Camila M and Chen, Cho-Yi and Kuijjer, Marieke L and
              Paulson, Joseph N and Sonawane, Abhijeet R and Fagny, Maud and
              Platig, John and Glass, Kimberly and Quackenbush, John and DeMeo,
              Dawn L",
  journal  = "Cell Rep.",
  volume   =  31,
  number   =  12,
  pages    = "107795",
  month    =  jun,
  year     =  2020,
  language = "en"
}

@article{Lopez2008,
  title={Tuning gene expression to changing environments: from rapid responses to evolutionary adaptation},
  author={L{\'o}pez-Maury, Luis and Marguerat, Samuel and B{\"a}hler, J{\"u}rg},
  journal={Nat Rev Genet},
  volume={9},
  number={8},
  pages={583--593},
  year={2008},
  publisher={Nature Publishing Group UK London}
}

@article{Love2014,
  title    = "Moderated estimation of fold change and dispersion for {RNA-seq}
              data with {DESeq2}",
  author   = "Love, Michael I and Huber, Wolfgang and Anders, Simon",
  journal  = "Genome Biol.",
  volume   =  15,
  number   =  12,
  pages    = "550",
  year     =  2014,
  language = "en"
}

@ARTICLE{Lovell2016,
  title    = "Drought responsive gene expression regulatory divergence between
              upland and lowland ecotypes of a perennial {C4} grass",
  author   = "Lovell, John T and Schwartz, Scott and Lowry, David B and
              Shakirov, Eugene V and Bonnette, Jason E and Weng, Xiaoyu and
              Wang, Mei and Johnson, Jenifer and Sreedasyam, Avinash and Plott,
              Christopher and Jenkins, Jerry and Schmutz, Jeremy and Juenger,
              Thomas E",
  journal  = "Genome Res.",
  volume   =  26,
  number   =  4,
  pages    = "510--518",
  month    =  apr,
  year     =  2016,
  language = "en"
}

@article{Lynch1992,
  title     = "Clinal variation in cold adaptation in \textit{Mus} \textit{domesticus}:
               verification of predictions from laboratory populations",
  author    = "Lynch, Carol Becker",
  journal   = "Am. Nat.",
  publisher = "The University of Chicago Press",
  volume    =  139,
  number    =  6,
  pages     = "1219--1236",
  month     =  jun,
  year      =  1992
}

@article{Mack2016,
  title    = "Gene regulation and speciation in house mice",
  author   = "Mack, Katya L and Campbell, Polly and Nachman, Michael W",
  journal  = "Genome Res.",
  volume   =  26,
  number   =  4,
  pages    = "451--461",
  month    =  apr,
  year     =  2016,
  language = "en"
}

@article{Mack2017,
  title    = "Gene regulation and speciation",
  author   = "Mack, Katya L and Nachman, Michael W",
  journal  = "Trends Genet.",
  volume   =  33,
  number   =  1,
  pages    = "68--80",
  month    =  jan,
  year     =  2017,
  language = "en"
}

@article{Mack2018,
  title    = "Gene regulation underlies environmental adaptation in house mice",
  author   = "Mack, Katya L and Ballinger, Mallory A and Phifer-Rixey, Megan
              and Nachman, Michael W",
  journal  = "Genome Res.",
  volume   =  28,
  number   =  11,
  pages    = "1636--1645",
  month    =  nov,
  year     =  2018,
  language = "en"
}

@article{Malaspinas2016,
  title    = "A genomic history of Aboriginal Australia",
  author   = "Malaspinas, Anna-Sapfo and Westaway, Michael C and Muller, Craig
              and Sousa, Vitor C and Lao, Oscar and Alves, Isabel and
              Bergstr{\"o}m, Anders and Athanasiadis, Georgios and Cheng, Jade
              Y and Crawford, Jacob E and Heupink, Tim H and Macholdt, Enrico
              and Peischl, Stephan and Rasmussen, Simon and Schiffels, Stephan
              and Subramanian, Sankar and Wright, Joanne L and Albrechtsen,
              Anders and Barbieri, Chiara and Dupanloup, Isabelle and Eriksson,
              Anders and Margaryan, Ashot and Moltke, Ida and Pugach, Irina and
              Korneliussen, Thorfinn S and Levkivskyi, Ivan P and Moreno-Mayar,
              J V{\'\i}ctor and Ni, Shengyu and Racimo, Fernando and Sikora,
              Martin and Xue, Yali and Aghakhanian, Farhang A and Brucato,
              Nicolas and Brunak, S{\o}ren and Campos, Paula F and Clark,
              Warren and Ellingv{\aa}g, Sturla and Fourmile, Gudjugudju and
              Gerbault, Pascale and Injie, Darren and Koki, George and
              Leavesley, Matthew and Logan, Betty and Lynch, Aubrey and
              Matisoo-Smith, Elizabeth A and McAllister, Peter J and Mentzer,
              Alexander J and Metspalu, Mait and Migliano, Andrea B and Murgha,
              Les and Phipps, Maude E and Pomat, William and Reynolds, Doc and
              Ricaut, Francois-Xavier and Siba, Peter and Thomas, Mark G and
              Wales, Thomas and Wall, Colleen Ma'run and Oppenheimer, Stephen J
              and Tyler-Smith, Chris and Durbin, Richard and Dortch, Joe and
              Manica, Andrea and Schierup, Mikkel H and Foley, Robert A and
              Lahr, Marta Miraz{\'o}n and Bowern, Claire and Wall, Jeffrey D
              and Mailund, Thomas and Stoneking, Mark and Nielsen, Rasmus and
              Sandhu, Manjinder S and Excoffier, Laurent and Lambert, David M
              and Willerslev, Eske",
  journal  = "Nature",
  volume   =  538,
  number   =  7624,
  pages    = "207--214",
  month    =  oct,
  year     =  2016,
  language = "en"
}

@article{Mallard2018,
  title    = "Contesting the evidence for non-adaptive plasticity",
  author   = "Mallard, Fran{\c c}ois and Jak{\v s}i{\'c}, Ana Marija and
              Schl{\"o}tterer, Christian",
  journal  = "Nature",
  volume   =  555,
  number   =  7698,
  pages    = "E21--E22",
  month    =  mar,
  year     =  2018,
  language = "en"
}

@article{Mattioli2020,
  title={Cis and trans effects differentially contribute to the evolution of promoters and enhancers},
  author={Mattioli, Kaia and Oliveros, Winona and Gerhardinger, Chiara and Andergassen, Daniel and Maass, Philipp G and Rinn, John L and Mel{\'e}, Marta},
  journal={Genome biology},
  volume={21},
  pages={1--22},
  year={2020},
  publisher={Springer}
}

@article{McManus2010,
  title    = "Regulatory divergence in Drosophila revealed by {mRNA-seq}",
  author   = "McManus, C Joel and Coolon, Joseph D and Duff, Michael O and
              Eipper-Mains, Jodi and Graveley, Brenton R and Wittkopp, Patricia
              J",
  journal  = "Genome Res.",
  volume   =  20,
  number   =  6,
  pages    = "816--825",
  month    =  jun,
  year     =  2010,
  language = "en"
}

@article{Mi2013,
  title    = "PANTHER in 2013: modeling the evolution of gene function, and other
              gene attributes, in the context of phylogenetic trees",
  author   = "Mi, Huaiyu and Muruganujan, Anushya and Thomas, Paul D",
  journal  = "Nucleic Acids Res.",
  volume   =  41,
  pages    = "D377--86",
  month    =  jan,
  year     =  2013,
  language = "en"
}

@article{Morgan2022,
  title    = "Population structure and inbreeding in wild house mice (Mus
              musculus) at different geographic scales",
  author   = "Morgan, Andrew P and Hughes, Jonathan J and Didion, John P and
              Jolley, Wesley J and Campbell, Karl J and Threadgill, David W and
              Bonhomme, Francois and Searle, Jeremy B and de Villena, Fernando
              Pardo-Manuel",
  journal  = "Heredity",
  volume   =  129,
  number   =  3,
  pages    = "183--194",
  month    =  sep,
  year     =  2022,
  language = "en"
}

@article{Naranjo2015,
  title    = "Dissecting the genetic basis of a complex cis-regulatory
              adaptation",
  author   = "Naranjo, Santiago and Smith, Justin D and Artieri, Carlo G and
              Zhang, Mian and Zhou, Yiqi and Palmer, Michael E and Fraser,
              Hunter B",
  journal  = "PLoS Genet.",
  volume   =  11,
  number   =  12,
  pages    = "e1005751",
  month    =  dec,
  year     =  2015,
  language = "en"
}

@article{Ntambi2002,
  title    = "Loss of {stearoyl-CoA} desaturase-1 function protects mice
              against adiposity",
  author   = "Ntambi, James M and Miyazaki, Makoto and Stoehr, Jonathan P and
              Lan, Hong and Kendziorski, Christina M and Yandell, Brian S and
              Song, Yang and Cohen, Paul and Friedman, Jeffrey M and Attie,
              Alan D",
  journal  = "Proc. Natl. Acad. Sci.",
  volume   =  99,
  number   =  17,
  pages    = "11482--11486",
  month    =  aug,
  year     =  2002,
  language = "en"
}

@article{Osada2017,
  title    = "Cis- and trans-regulatory effects on gene expression in a natural
              population of drosophila melanogaster",
  author   = "Osada, Naoki and Miyagi, Ryutaro and Takahashi, Aya",
  journal  = "Genetics",
  volume   =  206,
  number   =  4,
  pages    = "2139--2148",
  month    =  aug,
  year     =  2017,
  language = "en"
}

@article{Phifer-Rixey2018,
  title    = "The genomic basis of environmental adaptation in house mice",
  author   = "Phifer-Rixey, Megan and Bi, Ke and Ferris, Kathleen G and
              Sheehan, Michael J and Lin, Dana and Mack, Katya L and Keeble,
              Sara M and Suzuki, Taichi A and Good, Jeffrey M and Nachman,
              Michael W",
  journal  = "PLoS Genet.",
  volume   =  14,
  number   =  9,
  pages    = "e1007672",
  month    =  sep,
  year     =  2018,
  language = "en"
}

@article{Price2003,
  title    = "The role of phenotypic plasticity in driving genetic evolution",
  author   = "Price, Trevor D and Qvarnstr{\"o}m, Anna and Irwin, Darren E",
  journal  = "Proc. Biol. Sci.",
  volume   = 270,
  number   = 1523,
  pages    = 1433--1440,
  year     = 2003,
  language = "en"
}

@article{Promislow2005,
  title    = "A regulatory network analysis of phenotypic plasticity in yeast",
  author   = "Promislow, Daniel",
  journal  = "Am. Nat.",
  volume   =  165,
  number   =  5,
  pages    = "515--523",
  month    =  may,
  year     =  2005,
  language = "en"
}

@article{Quinlan2010,
  title    = "{BEDTools}: a flexible suite of utilities for comparing genomic
              features",
  author   = "Quinlan, Aaron R and Hall, Ira M",
  journal  = "Bioinformatics",
  volume   =  26,
  number   =  6,
  pages    = "841--842",
  month    =  mar,
  year     =  2010,
  language = "en"
}

@article{Riddell2021,
  title    = "Exposure to climate change drives stability or collapse of desert
              mammal and bird communities",
  author   = "Riddell, E A and Iknayan, K J and Hargrove, L and Tremor, S and
              Patton, J L and Ramirez, R and Wolf, B O and Beissinger, S R",
  journal  = "Science",
  volume   =  371,
  number   =  6529,
  pages    = "633--636",
  month    =  feb,
  year     =  2021,
  language = "en"
}

@article{Riddell2022,
  title    = "Thermal adaptation of pelage in desert rodents balances cooling and insulation",
  author   = "Riddell, Eric A and Patton, James L and Beissinger, Steven R",
  journal  = "Evolution",
  volume   = 76, 
  number   = 12,
  pages    = "3001-3013",
  year     = 2022
}

@article{Shen2014,
  title    = "Hybrid mice reveal parent-of-origin and \textit{cis}- and \textit{trans}-regulatory
              effects in the retina",
  author   = "Shen, Susan Q and Turro, Ernest and Corbo, Joseph C",
  journal  = "PLoS One",
  volume   =  9,
  number   =  10,
  pages    = "e109382",
  month    =  oct,
  year     =  2014,
  language = "en"
}

@article{Shih2021,
  title    = "Cis-regulatory variants affect gene expression dynamics in yeast",
  author   = "Shih, Ching-Hua and Fay, Justin",
  journal  = "eLife",
  volume   =  10,
  month    =  aug,
  year     =  2021,
  language = "en"
}

@article{Shore2013,
  title    = "Cold-induced changes in gene expression in brown adipose tissue,
              white adipose tissue and liver",
  author   = "Shore, Andrew M and Karamitri, Angeliki and Kemp, Paul and
              Speakman, John R and Graham, Neil S and Lomax, Michael A",
  journal  = "PLoS One",
  volume   =  8,
  number   =  7,
  pages    = "e68933",
  month    =  jul,
  year     =  2013,
  language = "en"
}

@article{Signor2018,
  title    = "The evolution of gene expression in \textit{cis} and \textit{trans}",
  author   = "Signor, Sarah A and Nuzhdin, Sergey V",
  journal  = "Trends Genet.",
  volume   =  34,
  number   =  7,
  pages    = "532--544",
  month    =  jul,
  year     =  2018,
  language = "en"
}

@article{Simcox2017,
  title    = "Global analysis of plasma lipids identifies {liver-derived}
              acylcarnitines as a fuel source for brown fat thermogenesis",
  author   = "Simcox, Judith and Geoghegan, Gisela and Maschek, John Alan and
              Bensard, Claire L and Pasquali, Marzia and Miao, Ren and Lee,
              Sanghoon and Jiang, Lei and Huck, Ian and Kershaw, Erin E and
              Donato, Anthony J and Apte, Udayan and Longo, Nicola and Rutter,
              Jared and Schreiber, Renate and Zechner, Rudolf and Cox, James
              and Villanueva, Claudio J",
  journal  = "Cell Metab.",
  volume   =  26,
  number   =  3,
  pages    = "509--522.e6",
  month    =  sep,
  year     =  2017,
  language = "en"
}

@article{Smith2008,
  title    = "Gene-environment interaction in yeast gene expression",
  author   = "Smith, Erin N and Kruglyak, Leonid",
  journal  = "PLoS Biol.",
  volume   =  6,
  number   =  4,
  pages    = "e83",
  month    =  apr,
  year     =  2008,
  language = "en"
}

@article{Stern2008,
  title    = "The loci of evolution: how predictable is genetic evolution?",
  author   = "Stern, David L and Orgogozo, Virginie",
  journal  = "Evolution",
  volume   =  62,
  number   =  9,
  pages    = "2155--2177",
  month    =  sep,
  year     =  2008,
  language = "en"
}

@article{Stern2009,
  title    = "Is genetic evolution predictable?",
  author   = "Stern, David L and Orgogozo, Virginie",
  journal  = "Science",
  volume   =  323,
  number   =  5915,
  pages    = "746--751",
  month    =  feb,
  year     =  2009,
  language = "en"
}

@article{Streisfeld2009,
  title    = "Altered \textit{trans}-regulatory control of gene expression in multiple
              anthocyanin genes contributes to adaptive flower color evolution
              in \textit{Mimulus aurantiacus}",
  author   = "Streisfeld, Matthew A and Rausher, Mark D",
  journal  = "Mol. Biol. Evol.",
  volume   =  26,
  number   =  2,
  pages    = "433--444",
  month    =  feb,
  year     =  2009,
  language = "en"
}

@article{St_Pierre2022,
  title    = "Genetic, epigenetic, and environmental mechanisms govern
              allele-specific gene expression",
  author   = "St Pierre, Celine L and Macias-Velasco, Juan F and Wayhart,
              Jessica P and Yin, Li and Semenkovich, Clay F and Lawson, Heather
              A",
  journal  = "Genome Res.",
  volume   =  32,
  number   =  6,
  pages    = "1042--1057",
  month    =  jun,
  year     =  2022,
  language = "en"
}

@article{Tangwancharoen2020,
  title    = "Allele specific expression and evolution of gene regulation
              underlying acute heat stress response and local adaptation in the
              copepod \textit{Tigriopus} \textit{californicus}",
  author   = "Tangwancharoen, Sumaetee and Semmens, Brice X and Burton, Ronald
              S",
  journal  = "J. Hered.",
  volume   =  111,
  number   =  6,
  pages    =  "539--547",
  month    =  nov,
  year     =  2020,
  language = "en"
}

@article{Thomas2003,
  title    = "{PANTHER}: a library of protein families and subfamilies indexed
              by function",
  author   = "Thomas, Paul D and Campbell, Michael J and Kejariwal, Anish and
              Mi, Huaiyu and Karlak, Brian and Daverman, Robin and Diemer,
              Karen and Muruganujan, Anushya and Narechania, Apurva",
  journal  = "Genome Res.",
  volume   =  13,
  number   =  9,
  pages    = "2129--2141",
  month    =  sep,
  year     =  2003,
  language = "en"
}

@article{Tichy1994,
  title    = "Origin of the North American house mouse",
  author   = "Tichy, H and Zaleska-Rutczynska, Z and O'Huigin, C and Figueroa,
              F and Klein, J",
  journal  = "Folia Biol.",
  volume   =  40,
  number   =  6,
  pages    = "483--496",
  year     =  1994,
  language = "en"
}

@article{Tirosh2009,
  title    = "A yeast hybrid provides insight into the evolution of gene
              expression regulation",
  author   = "Tirosh, Itay and Reikhav, Sharon and Levy, Avraham A and Barkai,
              Naama",
  journal  = "Science",
  volume   =  324,
  number   =  5927,
  pages    = "659--662",
  month    =  may,
  year     =  2009,
  language = "en"
}

@article{Towns2014,
  title    = "{XSEDE}: accelerating scientific discovery",
  author   = "{Towns} and {Cockerill} and {Dahan} and {Foster} and {Gaither}
              and {Grimshaw} and {Hazlewood} and {Lathrop} and {Lifka} and
              {Peterson} and {Roskies} and {Scott} and {Wilkins-Diehr}",
  volume   =  16,
  pages    = "62--74",
  month    =  sep,
  year     =  2014
}

@article{Tung2015,
  title    = "The genetic architecture of gene expression levels in wild baboons",
  author   = "Tung, Jenny and Zhou, Xiang and Alberts, Susan C and Stephens, Matthew and Gilad, Yoav",
  journal  = "eLife",
  volume   = 4,
  pages    = "e04729",
  year     = 2015,
  language = "en"
}

@article{Van2018,
  title={Is plasticity caused by single genes?},
  author={van Gestel, Jordi and Weissing, Franz J},
  journal={Nature},
  volume={555},
  number={7698},
  pages={E19--E20},
  year={2018},
  publisher={Nature Publishing Group UK London}
}

@article{Vande2022,
  title     = "Network topology can explain differences in pleiotropy between cis-and trans-regulatory mutations",
  author    = "Vande Zande, P{\'e}tra and Wittkopp, Patricia J",
  journal   = "Mol Biol Evol",
  volume    = 39,
  number    = 12,
  pages     = "msac266",
  year      = 2022
}

@article{Van_de_Geijn2015,
  title    = "{WASP}: allele-specific software for robust molecular
              quantitative trait locus discovery",
  author   = "van de Geijn, Bryce and McVicker, Graham and Gilad, Yoav and
              Pritchard, Jonathan K",
  journal  = "Nat. Methods",
  volume   =  12,
  number   =  11,
  pages    = "1061--1063",
  month    =  nov,
  year     =  2015,
  language = "en"
}

@article{Van_der_Burg2020,
  title     = "Genomic architecture of a genetically assimilated seasonal color
               pattern",
  author    = "van der Burg, Karin R L and Lewis, James J and Brack, Benjamin J
               and Fandino, Richard A and Mazo-Vargas, Anyi and Reed, Robert D",
  journal   = "Science",
  publisher = "American Association for the Advancement of Science",
  volume    =  370,
  number    =  6517,
  pages     = "721--725",
  month     =  nov,
  year      =  2020,
  language  = "en"
}

@article{Velotta2018,
  title={Maladaptive phenotypic plasticity in cardiac muscle growth is suppressed in high-altitude deer mice},
  author={Velotta, Jonathan P and Ivy, Catherine M and Wolf, Cole J and Scott, Graham R and Cheviron, Zachary A},
  journal={Evolution},
  volume={72},
  number={12},
  pages={2712--2727},
  year={2018},
  publisher={Wiley Online Library}
}

@article{Verta2019,
  title    = "Predominance of \textit{cis}-regulatory changes in parallel expression
              divergence of sticklebacks",
  author   = "Verta, Jukka-Pekka and Jones, Felicity C",
  journal  = "eLife",
  volume   =  8,
  pages    = "e43785",
  month    =  may,
  year     =  2019,
  language = "en"
}

@article{Waddington1942,
  title     = "Canalization of development and the inheritance of acquired
               characters",
  author    = "Waddington, C H",
  journal   = "Nature",
  publisher = "Nature Publishing Group",
  volume    =  150,
  number    =  3811,
  pages     = "563--565",
  month     =  nov,
  year      =  1942,
  language  = "en"
}

@article{Waddington1952,
  title    = "Selection of the genetic basis for an acquired character",
  author   = "Waddington, C H",
  journal  = "Nature",
  volume   =  169,
  number   =  4302,
  pages    = "625--626",
  month    =  apr,
  year     =  1952,
  language = "en"
}

@article{Waddington1953,
  title     = "Genetic assimilation of an acquired character",
  author    = "Waddington, C H",
  journal   = "Evolution",
  publisher = "[Society for the Study of Evolution, Wiley]",
  volume    =  7,
  number    =  2,
  pages     = "118--126",
  year      =  1953
}

@article{Weng2017,
  title    = "{modPhEA}: model organism Phenotype Enrichment Analysis of
              eukaryotic gene sets",
  author   = "Weng, Meng-Pin and Liao, Ben-Yang",
  journal  = "Bioinformatics",
  volume   =  33,
  number   =  21,
  pages    = "3505--3507",
  month    =  nov,
  year     =  2017,
  language = "en"
}

@book{West-Eberhard2003,
  title     = "Developmental Plasticity and Evolution",
  author    = "West-Eberhard, Mary Jane",
  publisher = "Oxford University Press",
  month     =  mar,
  year      =  2003,
  language  = "en"
}

@article{West-Eberhard2005,
  title    = "Developmental plasticity and the origin of species differences",
  author   = "West-Eberhard, Mary Jane",
  journal  = "Proc. Natl. Acad. Sci.",
  volume   = "102 Suppl 1",
  pages    = "6543--6549",
  month    =  may,
  year     =  2005,
  language = "en"
}

@article{Westerberg2006,
  title    = "{ELOVL3} is an important component for early onset of lipid
              recruitment in brown adipose tissue*",
  author   = "Westerberg, Rolf and M{\aa}nsson, Jan-Erik and Golozoubova,
              Valeria and Shabalina, Irina G and Backlund, Emma C and Tvrdik,
              Petr and Retterst{\o}l, Kjetil and Capecchi, Mario R and
              Jacobsson, Anders",
  journal  = "J. Biol. Chem.",
  volume   =  281,
  number   =  8,
  pages    = "4958--4968",
  month    =  feb,
  year     =  2006
}

@article{Wittkopp2004,
  title    = "Evolutionary changes in \textit{cis} and \textit{trans} gene regulation",
  author   = "Wittkopp, Patricia J and Haerum, Belinda K and Clark, Andrew G",
  journal  = "Nature",
  volume   =  430,
  number   =  6995,
  pages    = "85--88",
  month    =  jul,
  year     =  2004,
  language = "en"
}

@article{Wittkopp2011,
  title    = "\textit{Cis}-regulatory elements: molecular mechanisms and evolutionary
              processes underlying divergence",
  author   = "Wittkopp, Patricia J and Kalay, Gizem",
  journal  = "Nat. Rev. Genet.",
  volume   =  13,
  number   =  1,
  pages    = "59--69",
  month    =  dec,
  year     =  2011,
  language = "en"
}

@article{Wray2003,
  title    = "The evolution of transcriptional regulation in eukaryotes",
  author   = "Wray, Gregory A and Hahn, Matthew W and Abouheif, Ehab and
              Balhoff, James P and Pizer, Margaret and Rockman, Matthew V and
              Romano, Laura A",
  journal  = "Mol. Biol. Evol.",
  volume   =  20,
  number   =  9,
  pages    = "1377--1419",
  month    =  sep,
  year     =  2003,
  language = "en"
}

@article{Wray2007,
  title    = "The evolutionary significance of \textit{cis}-regulatory mutations",
  author   = "Wray, Gregory A",
  journal  = "Nat. Rev. Genet.",
  volume   =  8,
  number   =  3,
  pages    = "206--216",
  month    =  mar,
  year     =  2007,
  language = "en"
}

@article{Yi2010,
  title    = "Sequencing of 50 human exomes reveals adaptation to high altitude",
  author   = "Yi, Xin and Liang, Yu and Huerta-Sanchez, Emilia and Jin, Xin and
              Cuo, Zha Xi Ping and Pool, John E and Xu, Xun and Jiang, Hui and
              Vinckenbosch, Nicolas and Korneliussen, Thorfinn Sand and Zheng,
              Hancheng and Liu, Tao and He, Weiming and Li, Kui and Luo,
              Ruibang and Nie, Xifang and Wu, Honglong and Zhao, Meiru and Cao,
              Hongzhi and Zou, Jing and Shan, Ying and Li, Shuzheng and Yang,
              Qi and {Asan} and Ni, Peixiang and Tian, Geng and Xu, Junming and
              Liu, Xiao and Jiang, Tao and Wu, Renhua and Zhou, Guangyu and
              Tang, Meifang and Qin, Junjie and Wang, Tong and Feng, Shuijian
              and Li, Guohong and {Huasang} and Luosang, Jiangbai and Wang, Wei
              and Chen, Fang and Wang, Yading and Zheng, Xiaoguang and Li, Zhuo
              and Bianba, Zhuoma and Yang, Ge and Wang, Xinping and Tang,
              Shuhui and Gao, Guoyi and Chen, Yong and Luo, Zhen and Gusang,
              Lamu and Cao, Zheng and Zhang, Qinghui and Ouyang, Weihan and
              Ren, Xiaoli and Liang, Huiqing and Zheng, Huisong and Huang, Yebo
              and Li, Jingxiang and Bolund, Lars and Kristiansen, Karsten and
              Li, Yingrui and Zhang, Yong and Zhang, Xiuqing and Li, Ruiqiang
              and Li, Songgang and Yang, Huanming and Nielsen, Rasmus and Wang,
              Jun and Wang, Jian",
  journal  = "Science",
  volume   =  329,
  number   =  5987,
  pages    = "75--78",
  month    =  jul,
  year     =  2010,
  language = "en"
}

@article{York2018,
  title    = "Behavior-dependent \textit{cis} regulation reveals genes and
              pathways associated with bower building in cichlid fishes",
  author   = "York, Ryan A and Patil, Chinar and Abdilleh, Kawther and Johnson,
              Zachary V and Conte, Matthew A and Genner, Martin J and McGrath,
              Patrick T and Fraser, Hunter B and Fernald, Russell D and
              Streelman, J Todd",
  journal  = "Proc. Natl. Acad. Sci.",
  volume   =  115,
  number   =  47,
  pages    = "E11081--E11090",
  month    =  nov,
  year     =  2018,
  language = "en"
}

@article{Zhao2015,
  title    = "Parallel gene expression differences between low and high
              latitude populations of Drosophila melanogaster and D. simulans",
  author   = "Zhao, Li and Wit, Janneke and Svetec, Nicolas and Begun, David J",
  journal  = "PLoS Genet.",
  volume   =  11,
  number   =  5,
  pages    = "e1005184",
  month    =  may,
  year     =  2015,
  language = "en"
}

@article{Zheng2012,
  title    = "A high-performance computing toolset for relatedness and
              principal component analysis of {SNP} data",
  author   = "Zheng, Xiuwen and Levine, David and Shen, Jess and Gogarten,
              Stephanie M and Laurie, Cathy and Weir, Bruce S",
  journal  =  "Bioinformatics",
  volume   =  28,
  number   =  24,
  pages    = "3326--3328",
  month    =  dec,
  year     =  2012,
  language = "en"
}
